@book{Markley2014,
  doi = {10.1007/978-1-4939-0802-8},
  url = {https://doi.org/10.1007/978-1-4939-0802-8},
  year = {2014},
  publisher = {Springer New York},
  author = {F. Landis Markley and John L. Crassidis},
  title = {Fundamentals of Spacecraft Attitude Determination and Control}
}
@article{Razgus2017,
  doi = {10.2514/1.g002805},
  url = {https://doi.org/10.2514/1.g002805},
  year = {2017},
  month = sep,
  publisher = {American Institute of Aeronautics and Astronautics ({AIAA})},
  volume = {40},
  number = {9},
  pages = {2151--2166},
  author = {B. Razgus and E. Mooij and D. Choukroun},
  title = {Relative Navigation in Asteroid Missions Using Dual Quaternion Filtering},
  journal = {Journal of Guidance,  Control,  and Dynamics}
}
@article{Chang2016,
  doi = {10.1109/taes.2016.150237},
  url = {https://doi.org/10.1109/taes.2016.150237},
  year = {2016},
  month = aug,
  publisher = {Institute of Electrical and Electronics Engineers ({IEEE})},
  volume = {52},
  number = {4},
  pages = {2053--2060},
  author = {Lubin Chang and Baiqing Hu and Kailong Li},
  title = {Iterated multiplicative extended kalman filter for attitude estimation using vector observations},
  journal = {{IEEE} Transactions on Aerospace and Electronic Systems}
}
@article{Qin2018,
  doi = {10.3390/s18051414},
  url = {https://doi.org/10.3390/s18051414},
  year = {2018},
  month = may,
  publisher = {{MDPI} {AG}},
  volume = {18},
  number = {5},
  pages = {1414},
  author = {Fangjun Qin and Lubin Chang and Sai Jiang and Feng Zha},
  title = {A Sequential Multiplicative Extended Kalman Filter for Attitude Estimation Using Vector Observations},
  journal = {Sensors}
}
@article{Finance2021,
  doi = {10.3390/s21217361},
  url = {https://doi.org/10.3390/s21217361},
  year = {2021},
  month = nov,
  publisher = {{MDPI} {AG}},
  volume = {21},
  number = {21},
  pages = {7361},
  author = {Adrien Finance and Christophe Dufour and Thomas Bout{\'{e}}raon and Alain Sarkissian and Antoine Mangin and Philippe Keckhut and Mustapha Meftah},
  title = {In-Orbit Attitude Determination of the {UVSQ}-{SAT} {CubeSat} Using {TRIAD} and {MEKF} Methods},
  journal = {Sensors}
}